@inproceedings{HPGBL19,
  title={Emergent escape-based flocking behavior using multi-agent reinforcement learning},
  author={Hahn, Carsten and Phan, Thomy and Gabor, Thomas and Belzner, Lenz and Linnhoff-Popien, Claudia},
  booktitle={Artificial Life Conference Proceedings},
  pages={598--605},
  year={2019},
  organization={MIT Press}
}
